@article{mnih2015human,
  title={Human-level control through deep reinforcement learning},
  author={Mnih, Volodymyr and Kavukcuoglu, Koray and Silver, David and Rusu, Andrei A and Veness, Joel and Bellemare, Marc G and Graves, Alex and Riedmiller, Martin and Fidjeland, Andreas K and Ostrovski, Georg and others},
  journal={Nature},
  volume={518},
  number={7540},
  pages={529--533},
  year={2015},
  publisher={Nature Research}
}

@article{DBLP:journals/corr/WangFL15,
  author    = {Ziyu Wang and
               Nando de Freitas and
               Marc Lanctot},
  title     = {Dueling Network Architectures for Deep Reinforcement Learning},
  journal   = {CoRR},
  volume    = {abs/1511.06581},
  year      = {2015},
  url       = {http://arxiv.org/abs/1511.06581},
  archivePrefix = {arXiv},
  eprint    = {1511.06581},
  timestamp = {Tue, 08 Aug 2017 15:06:57 +0200},
  biburl    = {http://dblp.org/rec/bib/journals/corr/WangFL15},
  bibsource = {dblp computer science bibliography, http://dblp.org}
}

@article{wattenberg2016how,
  author = {Wattenberg, Martin and Vi√©gas, Fernanda and Johnson, Ian},
  title = {How to Use t-SNE Effectively},
  journal = {Distill},
  year = {2016},
  url = {http://distill.pub/2016/misread-tsne},
  doi = {10.23915/distill.00002}
}

@Article{bellemare13arcade,
  author = {{Bellemare}, M.~G. and {Naddaf}, Y. and {Veness}, J. and {Bowling}, M.},
  title = {The Arcade Learning Environment: An Evaluation Platform for General Agents},
  journal = {Journal of Artificial Intelligence Research},
  year = "2013",
  month = "jun",
  volume = "47",
  pages = "253--279",
}

@Article{Hubel1962,
  author={Hubel, D. H.
  and Wiesel, T. N.},
  title={Receptive fields, binocular interaction and functional architecture in the cat's visual cortex},
  journal={J Physiol},
  year={1962},
  month={Jan},
  volume={160},
  number={1},
  pages={106-154.2},
  abstract={IMAGES:},
  note={14449617[pmid]},
  issn={0022-3751},
  url={http://www.ncbi.nlm.nih.gov/pmc/articles/PMC1359523/}
}

@article{DBLP:journals/corr/SchaulQAS15,
  author    = {Tom Schaul and
               John Quan and
               Ioannis Antonoglou and
               David Silver},
  title     = {Prioritized Experience Replay},
  journal   = {CoRR},
  volume    = {abs/1511.05952},
  year      = {2015},
  url       = {http://arxiv.org/abs/1511.05952},
  archivePrefix = {arXiv},
  eprint    = {1511.05952},
  timestamp = {Wed, 07 Jun 2017 14:42:32 +0200},
  biburl    = {http://dblp.org/rec/bib/journals/corr/SchaulQAS15},
  bibsource = {dblp computer science bibliography, http://dblp.org}
}

@article{adam2012experience,
  title={Experience replay for real-time reinforcement learning control},
  author={Adam, Sander and Busoniu, Lucian and Babuska, Robert},
  journal={IEEE Transactions on Systems, Man, and Cybernetics, Part C (Applications and Reviews)},
  volume={42},
  number={2},
  pages={201--212},
  year={2012},
  publisher={IEEE}
}

@article{lecun1998gradient,
  title={Gradient-based learning applied to document recognition},
  author={LeCun, Yann and Bottou, L{\'e}on and Bengio, Yoshua and Haffner, Patrick},
  journal={Proceedings of the IEEE},
  volume={86},
  number={11},
  pages={2278--2324},
  year={1998},
  publisher={IEEE}
}

@article{hornik1991approximation,
  title={Approximation capabilities of multilayer feedforward networks},
  author={Hornik, Kurt},
  journal={Neural networks},
  volume={4},
  number={2},
  pages={251--257},
  year={1991},
  publisher={Elsevier}
}

@article{DBLP:journals/corr/ClevertUH15,
  author    = {Djork{-}Arn{\'{e}} Clevert and
               Thomas Unterthiner and
               Sepp Hochreiter},
  title     = {Fast and Accurate Deep Network Learning by Exponential Linear Units
               (ELUs)},
  journal   = {CoRR},
  volume    = {abs/1511.07289},
  year      = {2015},
  url       = {http://arxiv.org/abs/1511.07289},
  archivePrefix = {arXiv},
  eprint    = {1511.07289},
  timestamp = {Wed, 07 Jun 2017 14:40:17 +0200},
  biburl    = {http://dblp.org/rec/bib/journals/corr/ClevertUH15},
  bibsource = {dblp computer science bibliography, http://dblp.org}
}

@inproceedings{krizhevsky2012imagenet,
  title={Imagenet classification with deep convolutional neural networks},
  author={Krizhevsky, Alex and Sutskever, Ilya and Hinton, Geoffrey E},
  booktitle={Advances in neural information processing systems},
  pages={1097--1105},
  year={2012}
}

@article{qiu2017flexible,
  title={Flexible Rectified Linear Units for Improving Convolutional Neural Networks},
  author={Qiu, Suo and Cai, Bolun},
  journal={arXiv preprint arXiv:1706.08098},
  year={2017}
}

@article{huber1964robust,
  title={Robust estimation of a location parameter},
  author={Huber, Peter J and others},
  journal={The Annals of Mathematical Statistics},
  volume={35},
  number={1},
  pages={73--101},
  year={1964},
  publisher={Institute of Mathematical Statistics}
}

@incollection{togelius2015ai,
  title={AI researchers, Video Games are your friends!},
  author={Togelius, Julian},
  booktitle={Computational Intelligence},
  pages={3--18},
  year={2015},
  publisher={Springer}
}

@inproceedings{van2016learning,
  title={Learning values across many orders of magnitude},
  author={van Hasselt, Hado P and Guez, Arthur and Hessel, Matteo and Mnih, Volodymyr and Silver, David},
  booktitle={Advances in Neural Information Processing Systems},
  pages={4287--4295},
  year={2016}
}

